@article{bro2008resolving,
  title={Resolving the sign ambiguity in the singular value decomposition},
  author={Bro, Rasmus and Acar, Evrim and Kolda, Tamara G},
  journal={Journal of Chemometrics: A Journal of the Chemometrics Society},
  volume={22},
  number={2},
  pages={135--140},
  year={2008},
  publisher={Wiley Online Library},
  url={https://prod-ng.sandia.gov/techlib-noauth/access-control.cgi/2007/076422.pdf}
}
