@article{oja1982simplified,
  title={Simplified neuron model as a principal component analyzer},
  author={Oja, Erkki},
  journal={Journal of mathematical biology},
  volume={15},
  number={3},
  pages={267--273},
  year={1982},
  publisher={Springer},
  url = {http://jeti.uni-freiburg.de/studenten_seminar/term_paper_WS_16_17/Oja.pdf}
}
